<record><leader>00000cas a22000007a 4500</leader><controlfield tag="001">13970092</controlfield><controlfield tag="008">860728d19621995vaudn ne      0   a0eng d</controlfield><datafield ind1=" " ind2=" " tag="010"><subfield code="a">sn 86009048 </subfield></datafield><datafield ind1=" " ind2=" " tag="040"><subfield code="a">NSD</subfield><subfield code="b">eng</subfield><subfield code="c">NSD</subfield><subfield code="d">NLG</subfield><subfield code="d">NYS</subfield><subfield code="d">NVK</subfield><subfield code="d">OCLCQ</subfield><subfield code="d">OCLCF</subfield><subfield code="d">OCLCO</subfield></datafield><datafield ind1=" " ind2=" " tag="012"><subfield code="m">1</subfield></datafield><datafield ind1="1" ind2=" " tag="022"><subfield code="a">0889-6135</subfield><subfield code="l">0889-6135</subfield><subfield code="2">1</subfield></datafield><datafield ind1="1" ind2=" " tag="029"><subfield code="a">AU@</subfield><subfield code="b">000025825524</subfield></datafield><datafield ind1=" " ind2=" " tag="032"><subfield code="a">308780</subfield><subfield code="b">USPS</subfield></datafield><datafield ind1=" " ind2=" " tag="037"><subfield code="b">Landmark Communications, Inc., 150 W. Brambleton Ave., Norfolk, VA 23510</subfield></datafield><datafield ind1=" " ind2=" " tag="042"><subfield code="a">nsdp</subfield></datafield><datafield ind1=" " ind2=" " tag="043"><subfield code="a">n-us-va</subfield></datafield><datafield ind1=" " ind2="0" tag="222"><subfield code="a">Ledger-star</subfield></datafield><datafield ind1="0" ind2="0" tag="245"><subfield code="a">Ledger-star.</subfield></datafield><datafield ind1=" " ind2=" " tag="260"><subfield code="a">Norfolk, Va. :</subfield><subfield code="b">Frank Batten,</subfield><subfield code="c">1962-1995.</subfield></datafield><datafield ind1=" " ind2=" " tag="310"><subfield code="a">Daily (Monday-Friday, except holidays),</subfield><subfield code="b">&lt;June 16, 1986-&gt;</subfield></datafield><datafield ind1=" " ind2=" " tag="321"><subfield code="a">Daily (Monday-Friday)</subfield></datafield><datafield ind1="0" ind2=" " tag="362"><subfield code="a">87th year, no. 27 (Sept. 9, 1962)-120th year, no. 116 (Aug. 25, 1995).</subfield></datafield><datafield ind1=" " ind2=" " tag="500"><subfield code="a">Publisher varies: Landmark Communications, Inc., &lt;1986&gt;</subfield></datafield><datafield ind1=" " ind2=" " tag="530"><subfield code="a">Available on microfilm from Micro Photo.</subfield></datafield><datafield ind1=" " ind2=" " tag="580"><subfield code="a">Has combined weekend edition with the Virginian-pilot, 1977-, with title: The Virginian-pilot and the Ledger star.</subfield></datafield><datafield ind1=" " ind2="0" tag="651"><subfield code="a">Norfolk (Va.)</subfield><subfield code="v">Newspapers.</subfield></datafield><datafield ind1=" " ind2="0" tag="651"><subfield code="a">Portsmouth (Va.)</subfield><subfield code="v">Newspapers.</subfield></datafield><datafield ind1=" " ind2="0" tag="651"><subfield code="a">Virginia Beach (Va.)</subfield><subfield code="v">Newspapers.</subfield></datafield><datafield ind1=" " ind2="0" tag="651"><subfield code="a">Chesapeake (Va.)</subfield><subfield code="v">Newspapers.</subfield></datafield><datafield ind1=" " ind2="0" tag="651"><subfield code="a">Suffolk (Va.)</subfield><subfield code="v">Newspapers.</subfield></datafield><datafield ind1=" " ind2="7" tag="655"><subfield code="a">Newspapers.</subfield><subfield code="2">fast</subfield><subfield code="0">(OCoLC)fst01423814</subfield></datafield><datafield ind1=" " ind2="7" tag="651"><subfield code="a">Virginia</subfield><subfield code="z">Chesapeake.</subfield><subfield code="2">fast</subfield><subfield code="0">(OCoLC)fst01208711</subfield></datafield><datafield ind1=" " ind2="7" tag="651"><subfield code="a">Virginia</subfield><subfield code="z">Norfolk.</subfield><subfield code="2">fast</subfield><subfield code="0">(OCoLC)fst01206844</subfield></datafield><datafield ind1=" " ind2="7" tag="651"><subfield code="a">Virginia</subfield><subfield code="z">Portsmouth.</subfield><subfield code="2">fast</subfield><subfield code="0">(OCoLC)fst01213398</subfield></datafield><datafield ind1=" " ind2="7" tag="651"><subfield code="a">Virginia</subfield><subfield code="z">Suffolk.</subfield><subfield code="2">fast</subfield><subfield code="0">(OCoLC)fst01207739</subfield></datafield><datafield ind1=" " ind2="7" tag="651"><subfield code="a">Virginia</subfield><subfield code="z">Virginia Beach.</subfield><subfield code="2">fast</subfield><subfield code="0">(OCoLC)fst01208712</subfield></datafield><datafield ind1=" " ind2=" " tag="752"><subfield code="a">United States</subfield><subfield code="b">Virginia</subfield><subfield code="d">Norfolk.</subfield></datafield><datafield ind1=" " ind2=" " tag="752"><subfield code="a">United States</subfield><subfield code="b">Virginia</subfield><subfield code="d">Portsmouth.</subfield></datafield><datafield ind1=" " ind2=" " tag="752"><subfield code="a">United States</subfield><subfield code="b">Virginia</subfield><subfield code="d">Virginia Beach.</subfield></datafield><datafield ind1=" " ind2=" " tag="752"><subfield code="a">United States</subfield><subfield code="b">Virginia</subfield><subfield code="d">Chesapeake.</subfield></datafield><datafield ind1=" " ind2=" " tag="752"><subfield code="a">United States</subfield><subfield code="b">Virginia</subfield><subfield code="d">Suffolk.</subfield></datafield><datafield ind1="0" ind2=" " tag="777"><subfield code="t">Virginia Beach beacon</subfield><subfield code="w">(DLC)sn 86071928</subfield></datafield><datafield ind1="0" ind2=" " tag="777"><subfield code="t">Norfolk compass</subfield><subfield code="w">(DLC)sn 95079494</subfield></datafield><datafield ind1="0" ind2=" " tag="777"><subfield code="t">Suffolk sun (Suffolk, Va.)</subfield><subfield code="w">(DLC)sn 95079491</subfield></datafield><datafield ind1="0" ind2=" " tag="777"><subfield code="t">Sun (Suffolk, Va.)</subfield><subfield code="w">(DLC)sn 95079496</subfield></datafield><datafield ind1="0" ind2=" " tag="777"><subfield code="t">Isle of Wight sun</subfield><subfield code="w">(DLC)sn 95079500</subfield></datafield><datafield ind1="0" ind2=" " tag="777"><subfield code="t">Citizen (Isle of Wight County, Va.)</subfield><subfield code="w">(DLC)sn 95079498</subfield></datafield><datafield ind1="0" ind2=" " tag="777"><subfield code="t">Chesapeake/Portsmouth clipper</subfield><subfield code="w">(DLC)sn 95079492</subfield></datafield><datafield ind1="0" ind2=" " tag="777"><subfield code="t">Chesapeake clipper</subfield><subfield code="w">(DLC)sn 95079497</subfield></datafield><datafield ind1="0" ind2=" " tag="777"><subfield code="t">Portsmouth currents</subfield><subfield code="w">(DLC)sn 95079499</subfield></datafield><datafield ind1="0" ind2=" " tag="777"><subfield code="t">Carolina coast</subfield><subfield code="w">(DLC)sn 95079493</subfield></datafield><datafield ind1="0" ind2="0" tag="780"><subfield code="t">Norfolk ledger-dispatch and the Portsmouth star</subfield><subfield code="w">(DLC)sn 96094169</subfield></datafield><datafield ind1="1" ind2=" " tag="787"><subfield code="t">Virginian-pilot and the Ledger star</subfield><subfield code="x">8750-2976</subfield><subfield code="w">(DLC)sn 84003737</subfield></datafield></record>